<collection xmlns="http://www.loc.gov/MARC21/slim">
<record>
  <leader>01644nam0a22003011i 450 </leader>
  <controlfield tag="001">IT\ICCU\CNCE\063784</controlfield>
  <controlfield tag="005">20150930000000.0</controlfield>
  <datafield tag="012" ind1=" " ind2=" ">
    <subfield code="a">.8.8 rea&amp; laa- CpCo (3) 1537 (R)</subfield>
    <subfield code="2">fei</subfield>
  </datafield>
  <datafield tag="100" ind1=" " ind2=" ">
    <subfield code="a">20060118d1537        0itac0103    ba</subfield>
  </datafield>
  <datafield tag="101" ind1=" " ind2=" ">
    <subfield code="a">ITA</subfield>
  </datafield>
  <datafield tag="102" ind1=" " ind2=" ">
    <subfield code="a">IT</subfield>
  </datafield>
  <datafield tag="200" ind1="1" ind2=" ">
    <subfield code="a">Ioanne de Mandauilla, qual tratta delle piu marauegliose cose e piu notabile che si trouino e come presentialmente ha cercato tutte le parte habitabile del mondo &amp; ha notato alcune degne cose che ha vedute in esse parte</subfield>
  </datafield>
  <datafield tag="210" ind1=" " ind2=" ">
    <subfield code="d">1537</subfield>
    <subfield code="e">Stampato in Venetia</subfield>
    <subfield code="g">per Aluise Torti</subfield>
    <subfield code="h">1537 nel mese di otubrio</subfield>
  </datafield>
  <datafield tag="215" ind1=" " ind2=" ">
    <subfield code="a">\8!, 119, \1! c.</subfield>
    <subfield code="d">8ʻ</subfield>
  </datafield>
  <datafield tag="620" ind1=" " ind2=" ">
    <subfield code="a">IT</subfield>
    <subfield code="d">Venezia</subfield>
  </datafield>
  <datafield tag="700" ind1=" " ind2="1">
    <subfield code="a">Mandeville,</subfield>
    <subfield code="b">John</subfield>
    <subfield code="c"> &lt;sir&gt;</subfield>
    <subfield code="3">IT\ICCU\CNCA\008116</subfield>
  </datafield>
  <datafield tag="712" ind1="0" ind2="0">
    <subfield code="a">Torti, Luigi</subfield>
    <subfield code="3">IT\ICCU\CNCT\000102</subfield>
    <subfield code="4">650</subfield>
  </datafield>
  <datafield tag="790" ind1=" " ind2="0">
    <subfield code="a">Jean</subfield>
    <subfield code="c"> : de#Mandeville</subfield>
    <subfield code="3">IT\ICCU\CNCA\016281</subfield>
    <subfield code="z">Mandeville, John &lt;sir&gt;</subfield>
  </datafield>
  <datafield tag="790" ind1=" " ind2="1">
    <subfield code="a">Mandavilla,</subfield>
    <subfield code="b">Giovanni</subfield>
    <subfield code="3">IT\ICCU\CNCA\020618</subfield>
    <subfield code="z">Mandeville, John &lt;sir&gt;</subfield>
  </datafield>
  <datafield tag="790" ind1=" " ind2="0">
    <subfield code="a">Giovanni</subfield>
    <subfield code="c"> : da#Mandavilla</subfield>
    <subfield code="3">IT\ICCU\CNCA\020619</subfield>
    <subfield code="z">Mandeville, John &lt;sir&gt;</subfield>
  </datafield>
  <datafield tag="791" ind1="0" ind2="0">
    <subfield code="a">De_Tortis, Alvise</subfield>
    <subfield code="3">IT\ICCU\CNCT\004134</subfield>
    <subfield code="z">Torti, Luigi</subfield>
  </datafield>
  <datafield tag="791" ind1="0" ind2="0">
    <subfield code="a">Torto, Alvise</subfield>
    <subfield code="3">IT\ICCU\CNCT\005593</subfield>
    <subfield code="z">Torti, Luigi</subfield>
  </datafield>
  <datafield tag="791" ind1="0" ind2="0">
    <subfield code="a">Tortis, Aluvixio de</subfield>
    <subfield code="3">IT\ICCU\CNCT\005594</subfield>
    <subfield code="z">Torti, Luigi</subfield>
  </datafield>
  <datafield tag="801" ind1=" " ind2="3">
    <subfield code="a">IT</subfield>
    <subfield code="b">ICCU</subfield>
    <subfield code="c">20201115</subfield>
  </datafield>
  <datafield tag="899" ind1=" " ind2=" ">
    <subfield code="a">Biblioteca Apostolica Vaticana. Citt ̉del Vaticano</subfield>
    <subfield code="1">EX0001</subfield>
    <subfield code="2">ZCV 01</subfield>
  </datafield>
  <datafield tag="899" ind1=" " ind2=" ">
    <subfield code="a">Biblioteca comunale Labronica Francesco Domenico Guerrazzi. Sezione dei Bottini dell&apos;olio. Livorno</subfield>
    <subfield code="1">LI0074</subfield>
    <subfield code="2">LIA LA</subfield>
  </datafield>
  <datafield tag="899" ind1=" " ind2=" ">
    <subfield code="a">Biblioteca del Seminario Vescovile della Facolt ̉Teologica del Triveneto dell&apos;Istituto Filosofico Aloisianum. Padova</subfield>
    <subfield code="1">PD0073</subfield>
    <subfield code="2">PUV 01</subfield>
  </datafield>
  <datafield tag="899" ind1=" " ind2=" ">
    <subfield code="a">British Library. London</subfield>
    <subfield code="1">UK0001</subfield>
  </datafield>
</record>
</collection>
